<record><leader>00000cas a22000007a 4500</leader><controlfield tag="001">17900028</controlfield><controlfield tag="008">880505d187019uunyuwr ne      0    0eng d</controlfield><datafield ind1=" " ind2=" " tag="010"><subfield code="a">sn 89071025 </subfield></datafield><datafield ind1=" " ind2=" " tag="040"><subfield code="a">NYS</subfield><subfield code="b">eng</subfield><subfield code="c">NYS</subfield><subfield code="d">OCLCQ</subfield></datafield><datafield ind1=" " ind2=" " tag="042"><subfield code="a">msc</subfield></datafield><datafield ind1="0" ind2=" " tag="130"><subfield code="a">Dansville advertiser (Dansville, N.Y. : 1870)</subfield></datafield><datafield ind1="1" ind2="4" tag="245"><subfield code="a">The Dansville advertiser.</subfield></datafield><datafield ind1=" " ind2=" " tag="260"><subfield code="a">Dansville, N.Y. :</subfield><subfield code="b">A.O. Bunnell,</subfield><subfield code="c">1870-</subfield></datafield><datafield ind1=" " ind2=" " tag="300"><subfield code="a">v.</subfield></datafield><datafield ind1=" " ind2=" " tag="310"><subfield code="a">Weekly</subfield></datafield><datafield ind1="0" ind2=" " tag="362"><subfield code="a">Vol. 11, no. 493 (Jan. 6, 1870)-</subfield></datafield><datafield ind1=" " ind2="4" tag="651"><subfield code="a">Dansville (N.Y.)</subfield><subfield code="v">Newspapers.</subfield></datafield><datafield ind1=" " ind2=" " tag="752"><subfield code="a">United States</subfield><subfield code="b">New York</subfield><subfield code="c">Livingston</subfield><subfield code="d">Dansville.</subfield></datafield><datafield ind1="0" ind2="0" tag="780"><subfield code="t">Advertiser (Dansville, N.Y.)</subfield><subfield code="w">(DLC)sn 89071003</subfield><subfield code="w">(OCoLC)17899947</subfield></datafield><datafield ind1="0" ind2="7" tag="785"><subfield code="t">Dansville express</subfield><subfield code="w">(DLC)sn 83030923</subfield></datafield><datafield ind1="0" ind2="7" tag="785"><subfield code="t">Dansville express and advertiser</subfield><subfield code="w">(DLC)sn 89071026</subfield><subfield code="w">(OCoLC)18972595</subfield></datafield><datafield ind1="1" ind2=" " tag="029"><subfield code="a">AU@</subfield><subfield code="b">000020545981</subfield></datafield></record>